@article{REGO2020108614,
title = {Guaranteed methods based on constrained zonotopes for set-valued state estimation of nonlinear discrete-time systems},
journal = {Automatica},
volume = {111},
pages = {108614},
year = {2020},
issn = {0005-1098},
doi = {https://doi.org/10.1016/j.automatica.2019.108614},
url = {https://www.sciencedirect.com/science/article/pii/S0005109819304753},
author = {Brenner S. Rego and Guilherme V. Raffo and Joseph K. Scott and Davide M. Raimondo}
}

@misc{Rego2025ZETA,
title={{ZETA: a library for Zonotope-based EsTimation and fAult diagnosis of discrete-time systems}}, 
author={Brenner S. Rego and Joseph K. Scott and Davide M. Raimondo and Marco H. Terra and Guilherme V. Raffo},
year={2025},
note={arXiv preprint. arXiv:2504.06467}
}